@online{8051_T,
	title = {8051 instruction set-opcode,operand,size in bytes,{M}-cycle},
	url = {https://www.rfwireless-world.com/Terminology/8051-instruction-set.html},
	abstract = {This page covers 8051 instruction set.The 8051 instructions are specified with opcode,operand,size in bytes,M-cycle (number of machine cycles) etc.},
	urldate = {2022-05-20}
}

@ARTICLE{50305,
	author={Kub, F.J. and Moon, K.K. and Mack, I.A. and Long, F.M.},
	journal={IEEE Journal of Solid-State Circuits}, 
	title={Programmable analog vector-matrix multipliers}, 
	year={1990},
	volume={25},
	number={1},
	pages={207-214},
	doi={10.1109/4.50305}}

@article{doi:10.1080/00207219208925697,
	author = { WANLOP   SURAKAMPONTORN  and  VANCHAI   RIEWRUJA },
	title = {Integrable CMOS sinusoidal frequency doubler and full-wave rectifier},
	journal = {International Journal of Electronics},
	volume = {73},
	number = {3},
	pages = {627-632},
	year  = {1992},
	publisher = {Taylor & Francis},
	doi = {10.1080/00207219208925697},
	
	URL = { 
	https://doi.org/10.1080/00207219208925697
	
	},
	eprint = { 
	https://doi.org/10.1080/00207219208925697
	
	}
}



@misc{rewruja2005,
	address = {KINTEX, Gyeonggi-Do, Korea},
	title = {Analog multiplier using operational amplifier },
	url = {http://2005.iccas.org/submission/paper/upload/2multiplier.pdf},
	abstract = {In this article, presents an analog multiplier using a general-purpose operational amplifier (opamp). The realization
	method is based on the quarter-square technique, which utilize the square-law characteristic of the class AB output stage of the
	opamp. The experimental results verifying the proposed multiplier performances are also included. The linearity error and the total
	harmonic distortion is about 0.8\% and 1.6\%, respectively. },
	author = {Petchmaneelumka, Wandee and Songsataya, Kiettiwan and Riewruja, Vanchai and Julsereewong, Prasit},
	month = jun,
	year = {2005},
}









@article{doi:10.1080/00207217.2010.520155,
	author = { Vanchai   Riewruja  and  Apinai   Rerkratn },
	title = {Four-quadrant analogue multiplier using operational amplifier},
	journal = {International Journal of Electronics},
	volume = {98},
	number = {4},
	pages = {459-474},
	year  = {2011},
	publisher = {Taylor & Francis},
	doi = {10.1080/00207217.2010.520155},
	
	URL = { 
	https://doi.org/10.1080/00207217.2010.520155
	
	},
	eprint = { 
	https://doi.org/10.1080/00207217.2010.520155
	
	}
	
}



 @misc{classAB,
 	 url={https://www.seas.upenn.edu/~ese319/Lecture_Notes/Lec_22_ClassAB_Amplifier_12.pdf},
	 title = {class ab output stage - university of pennsylvania}
 }